/home/potterzot/reason/research/bibliography/library.bib